@article{Qureshi2005TheVC,
  title={The V-Way cache: demand-based associativity via global replacement},
  author={Moinuddin K. Qureshi and David Thompson and Yale N. Patt},
  journal={32nd International Symposium on Computer Architecture (ISCA'05)},
  year={2005},
  pages={544-555}
}


@article{Qureshi2006ACF,
  title={A Case for MLP-Aware Cache Replacement},
  author={Moinuddin K. Qureshi and Daniel N. Lynch and Onur Mutlu and Yale N. Patt},
  journal={33rd International Symposium on Computer Architecture (ISCA'06)},
  year={2006},
  pages={167-178}
}


@article{Kaseridis2009BankawareDC,
  title={Bank-aware Dynamic Cache Partitioning for Multicore Architectures},
  author={Dimitris Kaseridis and Jeffrey Stuecheli and Lizy Kurian John},
  journal={2009 International Conference on Parallel Processing},
  year={2009},
  pages={18-25}
}